% https://verbosus.com/bibtex-style-examples.html
% https://en.wikibooks.org/wiki/LaTeX/Bibliography_Management#Citations

@book{
AstromMurrayFeedback
, author = {Karl Johan \r{A}str\"om and Richard M. Murray}
, title = {Feedback systems: an introduction for scientists and engineers}
, publisher = {Princeton University Press}
, year = {2008}
, isbn = {978-0-691-13576-2}
, note = {\url{http://www.cds.caltech.edu/~murray/books/AM08/pdf/am08-complete_28Sep12.pdf}}
}

@article{
GodelMachImpl
, author = {Bas R. Steunebrink and J\"urgen Schmidhuber}
, title = {{Towards an actual G\"odel machine implementation: a lesson in self-reflective systems}}
, note = {\url{http://people.idsia.ch/~juergen/selfreflection.pdf}}
}

@book{
DeepLearning
, title={Deep learning}
, author={Ian Goodfellow and Yoshua Bengio and Aaron Courville}
, publisher={MIT Press}
, note={\url{http://www.deeplearningbook.org}}
, year={2016}
}

@book{
ApproxThePrac
, title = {Approximation theory and approximation practice}
, author = {Lloyn N. Trefethen}
, note = {\url{https://people.maths.ox.ac.uk/trefethen/ATAP/ATAPfirst6chapters.pdf}}
}

@book{
Organ
, title = {The discipline of organizing}
, editor = {Robert J. Glushko}
, year = {2013}
, publisher = {MIT Press}
, edition = {1st}
, note = {\url{http://disciplineoforganizing.org/tdo-v-1-2013/}}
}

@book{
Topology
, title = {Topology without tears}
, author = {Sidney A. Morris}
, year = {2016}
, note = {\url{http://www.topologywithouttears.net/topbook.pdf}}
}

@book{
NonParam
, title = {Introduction to nonparametric statistics}
, author = {Alexandre B. Tsybakov}
, year = {2009}
, isbn = {978-0-387-79051-0}
, doi = {10.1007/978-0-387-79052-7}
, publisher={Springer Series in Statistics. Springer, New York}
}

@techreport{
DeepArch
, title = {{Learning deep architectures for AI}}
, author = {Yoshua Bengio}
, number = {1312}
, note = {\url{http://www.iro.umontreal.ca/~lisa/pointeurs/TR1312.pdf}}
}

@article{
RepLearn
, title = {Representation learning: a review and new perspectives}
, author = {Yoshua Bengio and Aaron Courville and Pascal Vincent}
, note = {\url{http://www.cl.uni-heidelberg.de/courses/ws14/deepl/BengioETAL12.pdf}}
}

@article{
DefineIntel,
title = {A collection of definitions of intelligence},
author = {Shane Legg and Marcus Hutter},
journal = {Frontiers in Artificial Intelligence and applications},
volume = {157},
pages = {17},
year = {2007},
publisher = {IOS Press},
address = {Amsterdam, The Netherlands, The Netherlands},
note = {\url{https://arxiv.org/abs/0706.3639v1}},
} 

@article{
DefineMachIntel
, title = {Universal intelligence: a definition of machine intelligence}
, author = {Shane Legg and Marcus Hutter}
, note = {\url{https://arxiv.org/abs/0712.3329}}
}

@article{
WdsIntel
, title = {Mathematical definition of ``intelligence'' (and consequences)}
, author = {Warren D. Smith}
, year = {2006}
, note = {\url{http://rangevoting.org/WarrenSmithPages/homepage/iq.pdf}}
}

@article{
WdsIntelSlide
, title = {Mathematical definition of ``intelligence'', after mathematical definition of ``intelligence'' (and consequences)}
, author = {Warren D. Smith}
, year = {2006}
, note = {\url{http://www.ii.uni.wroc.pl/~lukstafi/pmwiki/uploads/AGI/math_def_AI.pdf}}
}


@article{
SystemManage,
author = {Cristina Mele and Jacqueline Pels and Francesco Polese},
title = {A Brief Review of Systems Theories and Their Managerial Applications},
journal = {Service Science},
volume = {2},
number = {1-2},
pages = {126-135},
year = {2010},
doi = {10.1287/serv.2.1\_2.126},
url = {http://dx.doi.org/10.1287/serv.2.1_2.126},
eprint = {http://dx.doi.org/10.1287/serv.2.1_2.126},
note = {\url{http://pubsonline.informs.org/doi/abs/10.1287/serv.2.1_2.126}},
}

@book{
IntroCyber,
title = {An introduction to cybernetics},
author = {William Ross Ashby},
publisher = {Chapman \& Hall},
address = {London},
year = {1956},
note = {\url{http://pespmc1.vub.ac.be/ASHBBOOK.html}},
}

% http://pespmc1.vub.ac.be/LIBRARY.html

@book{
AshbyBrain,
title = {Design for a brain},
author = {William Ross Ashby},
year = {1954},
publisher = {Wiley},
address = {New York},
note = {\url{https://archive.org/details/designforbrain00ashb}},
}

@book{
SuttonBartoRein,
title = {Reinforcement learning: an introduction},
author = {Richard S. Sutton and Andrew G. Barto},
year = {1998},
isbn = {0262193981},
edition = {1st},
publisher = {MIT Press},
address = {Cambridge, Massachusetts, USA},
note = {\url{https://webdocs.cs.ualberta.ca/~sutton/book/ebook/the-book.html}},
}

@article{
NilsLogicAi,
title = {Logic and artificial intelligence},
author = {Nils J. Nilsson},
year = {1991},
month = feb,
note = {\url{http://ai.stanford.edu/~nilsson/OnlinePubs-Nils/PublishedPapers/logicai.pdf}},
journal = {Artificial Intelligence},
issue_date = {January 1991},
volume = {47},
number = {1-3},
year = {1991},
issn = {0004-3702},
pages = {31--56},
numpages = {26},
url = {http://dx.doi.org/10.1016/0004-3702(91)90049-P},
doi = {10.1016/0004-3702(91)90049-P},
acmid = {110291},
publisher = {Elsevier Science Publishers Ltd.},
address = {Essex, UK},
}

@InCollection{
SepLogicAi,
title = {Logic and Artificial Intelligence},
author = {Richmond Thomason},
booktitle = {The Stanford Encyclopedia of Philosophy},
editor = {Edward N. Zalta},
howpublished = {\url{https://plato.stanford.edu/archives/win2016/entries/logic-ai/}},
note = {\url{https://plato.stanford.edu/archives/win2016/entries/logic-ai/}},
year = {2016},
edition = {Winter 2016},
publisher = {Metaphysics Research Lab, Stanford University},
}

@article{
UniNumError,
title = {Constraints on the universe as a numerical simulation},
author = {Silas R. Beane and Zohreh Davoudi and Martin J. Savage},
note = {\url{https://arxiv.org/abs/1210.1847v2}},
year = {2012},
}

@article{
BattleHom,
title = {Ashby's mobile homeostat},
author = {Steve Battle},
year = {2014},
note = {\url{https://www.researchgate.net/publication/272476023_Ashby's_Mobile_Homeostat}},
booktitle = {Artificial Life and Intelligent Agents Symposium},
pages = {110--123},
year = {2014},
organization = {Springer},
}

@inproceedings{
BattleThree,
title = {A mobile homeostat with three degrees of freedom},
author = {Steve Battle},
year = {2015},
booktitle = {IMA conference on mathematics of robotics},
month = {September},
address = {St Anne's College, University of Oxford, UK},
note = {\url{http://eprints.uwe.ac.uk/26687/}},
}

@book{
WienerCyber,
title={Cybernetics or control and communication in the animal and the machine},
author={Norbert Wiener},
edition={2nd},
year={1961},
publisher={MIT Press},
}

@INPROCEEDINGS{
LeggHutterFormal,
author = {Shane Legg and Marcus Hutter},
title = {A formal measure of machine intelligence},
booktitle = {Proc. 15th Annual Machine Learning Conference of Belgium and The Netherlands (Benelearn 2006)},
year = {2006},
pages = {73--80},
note = {\url{https://arxiv.org/abs/cs/0605024v1}},
}

% http://raysolomonoff.com/publications/ray.bib

@inbook{
SolAlpProb2011,
author = {Raymond J. Solomonoff},
title = {Algorithmic probability -- its discovery -- its properties and application to strong {AI}},
booktitle = {Randomness through computation: some answers, more questions},
year = {2011},
pages = {1--23},
editor = {Hector Zenil},
publisher = {World Scientific Publishing Company},
note = {\url{http://raysolomonoff.com/publications/pubs.html}},
}

@article{
GacsVitanyiSolomonoff,
title={{Raymond J. Solomonoff 1926--2009}},
author={G{\'a}cs, Peter and Vit{\'a}nyi, Paul Michael B{\'e}la},
journal={IEEE Information Theory Society Newsletter},
volume={61},
number={1},
pages={11--16},
year={2011},
publisher={Citeseer},
note={\url{http://www.cs.bu.edu/~gacs/papers/Solomonoff_obituary.pdf}},
}

@phdthesis{
LeggPhd,
title={Machine super intelligence},
author={Legg, Shane},
year={2008},
school={University of Lugano},
}

@article{GlyAutoDisc,
  title={The automation of discovery},
  author={Glymour, Clark},
  journal={Daedalus},
  volume={133},
  number={1},
  pages={69--77},
  year={2004},
  publisher={MIT Press},
  note={\url{http://repository.cmu.edu/cgi/viewcontent.cgi?article=1274&context=philosophy}}
}

@book{PickeringCyber,
  title={The cybernetic brain: Sketches of another future},
  author={Pickering, Andrew},
  year={2010},
  publisher={University of Chicago Press},
}

@ARTICLE{GoertzelAgi,
AUTHOR = {Goertzel, Ben},
TITLE   = {Artificial general intelligence},
YEAR	= {2015},
JOURNAL	= {Scholarpedia},
VOLUME  = {10},
NUMBER  = {11},
PAGES   = {31847},
NOTE   = {\url{http://www.scholarpedia.org/article/Artificial_General_Intelligence}},
}

@ARTICLE{AlgoInfTh,
AUTHOR = {Hutter, M. },
TITLE   = {Algorithmic information theory},
YEAR	= 2007,
JOURNAL	= Scholarpedia,
VOLUME  = 2,
NUMBER  = 3,
PAGES   = 2519,
NOTE   = {\url{http://www.scholarpedia.org/article/Algorithmic_information_theory}},
}

@book{SlomanTuringIrrelevance,
  title={The irrelevance of Turing machines to artificial intelligence},
  author={Sloman, Aaron},
  year={2002},
  publisher={The MIT Press, Cambridge, Mass},
  note = {\url{http://www.cs.bham.ac.uk/research/projects/cogaff/sloman.turing.irrelevant.pdf}},
}

@misc{openworm,
    title={OpenWorm},
    howpublished={\url{http://www.openworm.org/}},
    note={Accessed on 2017-03-05},
}

@article{SchmidhuberKolmogorov,
  title={Hierarchies of generalized Kolmogorov complexities and nonenumerable universal measures computable in the limit},
  author={Schmidhuber, J{\"u}rgen},
  journal={International Journal of Foundations of Computer Science},
  volume={13},
  number={04},
  pages={587--612},
  year={2002},
  publisher={World Scientific},
  note={\url{http://people.idsia.ch/~juergen/kolmogorov.html}},
}

@inproceedings{CircuitFitzHughNagumo,
  title={Circuit implementation of {FitzHugh-Nagumo} neuron model using field programmable analog arrays},
  author={Zhao, Jun and Kim, Yong-Bin},
  booktitle={50th Midwest Symposium on Circuits and Systems (MWSCAS)},
  pages={772--775},
  year={2007},
  organization={IEEE},
}

@article{friston2006free,
  title={A free energy principle for the brain},
  author={Friston, Karl and Kilner, James and Harrison, Lee},
  journal={Journal of Physiology-Paris},
  volume={100},
  number={1},
  pages={70--87},
  year={2006},
  publisher={Elsevier},
}

@article{friston2010free,
  title={The free-energy principle: a unified brain theory?},
  author={Friston, Karl},
  journal={Nature Reviews Neuroscience},
  volume={11},
  number={2},
  pages={127--138},
  year={2010},
  publisher={Nature Publishing Group},
}

@article{haynes2006decoding,
  title={Decoding mental states from brain activity in humans},
  author={Haynes, John-Dylan and Rees, Geraint},
  journal={Nature Reviews Neuroscience},
  volume={7},
  number={7},
  pages={523--534},
  year={2006},
  publisher={Nature Publishing Group},
}

@book{negnevitsky2005artificial,
  title={Artificial intelligence: a guide to intelligent systems},
  author={Negnevitsky, Michael},
  year={2005},
  publisher={Pearson Education},
}

@book{tarantola2005inverse,
  title={Inverse problem theory and methods for model parameter estimation},
  author={Tarantola, Albert},
  year={2005},
  publisher={SIAM},
}

@article{zhu2014high,
  title={A high-energy-density sugar biobattery based on a synthetic enzymatic pathway},
  author={Zhu, Zhiguang and Tam, Tsz Kin and Sun, Fangfang and You, Chun and Zhang, Y-H Percival},
  journal={Nature communications},
  volume={5},
  year={2014},
  publisher={Nature Publishing Group},
  note={\url{http://www.nature.com/articles/ncomms4026}},
}

@article{rabaey2003microbial,
  title={A microbial fuel cell capable of converting glucose to electricity at high rate and efficiency},
  author={Rabaey, Korneel and Lissens, Geert and Siciliano, Steven D and Verstraete, Willy},
  journal={Biotechnology letters},
  volume={25},
  number={18},
  pages={1531--1535},
  year={2003},
  publisher={Springer},
}


@ARTICLE{izhikevich2006fhn,
AUTHOR = {Izhikevich, E. M. and FitzHugh, R. },
TITLE   = {{F}itz{H}ugh-{N}agumo model},
YEAR	= 2006,
JOURNAL	= {Scholarpedia},
VOLUME  = 1,
NUMBER  = 9,
PAGES   = 1349,
NOTE   = {\url{http://scholarpedia.org/article/FitzHugh-Nagumo_model}},
}

@book{wasserman2013all,
  title={All of statistics: a concise course in statistical inference},
  author={Wasserman, Larry},
  year={2013},
  publisher={Springer Science \& Business Media}
}

@book{Wasserman2007Nonparam,
  title={All of nonparametric statistics},
  author={Wasserman, Larry},
  year={2007},
  publisher={Springer, New York}
}

@book{VaradhanProb,
  title={Probability theory},
  author={Varadhan, Srinivasa R. S.},
  year={2000},
  note={\url{https://www.math.nyu.edu/faculty/varadhan/course/} accessed on 2017-03-19},
}

@book{casella2002statistical,
  title={Statistical inference},
  author={Casella, George and Berger, Roger L.},
  edition={2nd},
  publisher={Duxbury Pacific Grove}
}

@book{zukav1979dancing,
  title={The dancing Wu Li masters: An overview of the new physics.},
  author={Zukav, Gary},
  year={1979},
  address={New York},
  publisher={William Morrow and Company},
}

@inproceedings{SpjContract,
author = {Peyton-Jones, Simon and Eber, Jean-Marc and Seward, Julian},
title = {Composing contracts: an adventure in financial engineering},
booktitle = {ACM SIGPLAN International Conference on Functional Programming (ICFP'00)},
year = {2000},
month = {September},
publisher = {ACM Press},
url = {https://www.microsoft.com/en-us/research/publication/composing-contracts-an-adventure-in-financial-engineering/},
pages = {280-292},
}

@inproceedings{izbicki2013hlearn,
  title={{HLearn: a machine learning library for Haskell}},
  author={Izbicki, Michael},
  booktitle={Proceedings of The Fourteenth Symposium on Trends in Functional Programming, Brigham Young University, Utah},
  year={2013},
  note={\url{https://github.com/mikeizbicki/HLearn}},
}

@article{
    Blum1967
    , author = "Manuel Blum"
    , title = "A Machine-Independent Theory of the Complexity of Recursive Functions"
    , journal = "Journal of the Association for Computing Machinery"
    , year = "1967"
    , month = "April"
    , volume = "14"
    , number = "2"
    , pages = "322 - 336"
}

@article{
    Rabin1977
    , author = "Michael O. Rabin"
    , title = "Complexity of Computations"
    , journal = "Communications of the ACM"
    , year = "1977"
    , month = "September"
    , volume = "20"
    , number = "9"
    , pages = "625 - 633"
}

@article{
    Chow1976
    , author = "Tsun S. Chow"
    , title = "Lower bounds on the complexity of 0-1-valued recursive functions"
    , journal = "Information and Control"
    , year = "1976"
    , month = "May"
    , volume = "31"
    , number = "1"
    , pages = "17 - 42"
    , issn = "0019-9958"
    , doi = "http://dx.doi.org/10.1016/S0019-9958(76)90378-8"
    , url = "http://www.sciencedirect.com/science/article/pii/S0019995876903788"
}

@article{
    Marek2009
    , author = "Victor W. Marek and Jeffrey B. Remmel"
    , title = "The complexity of recursive constraint satisfaction problems "
    , journal = "Annals of Pure and Applied Logic "
    , year = "2009"
    , month = "June"
    , volume = "161"
    , number = "3"
    , pages = "447 - 457"
    , issn = "0168-0072"
    , doi = "http://dx.doi.org/10.1016/j.apal.2009.07.005"
    , url = "http://www.sciencedirect.com/science/article/pii/S0168007209001523"
    , keywords = "Recursive constraint satisfaction problems"
    , keywords = "Recursive trees"
    , keywords = "Degrees of solutions "
}

@book{
    Arora2009
    , author = {Sanjeev Arora and Boaz Barak}
    , title = {Computational Complexity: A Modern Approach}
    , year = {2009}
    , isbn = {0521424267, 9780521424264}
    , edition = {1st}
    , publisher = {Cambridge University Press}
    , address = {New York, NY, USA}
}

@book{
    Rogers1987
    , author = {Hartley Rogers Jr.}
    , title = {Theory of Recursive Functions and Effective Computability}
    , year = {1987}
    , isbn = {0-262-68052-1}
    , publisher = {MIT Press}
    , address = {Cambridge, MA, USA}
}

@book{Boolos2002,
    author = "George S. Boolos and John P. Burgess and Richard C. Jeffrey"
    , title = "Computability and Logic"
    , edition = "4th"
    , publisher = "Cambridge University Press"
    , address = "New York"
    , year = "2002"
    , month = "March"
    , isbn = "978-0-521-80975-7"
}

@article{mochizuki2014analog,
  title={Analog and digital codes in the brain},
  author={Mochizuki, Yasuhiro and Shinomoto, Shigeru},
  journal={Physical Review E},
  volume={89},
  number={2},
  pages={022705},
  year={2014},
  publisher={APS},
}

@misc{LiangCs221,
  author = {Percy Liang},
  title = {{Lecture notes in Stanford University CS221: Artificial Intelligence: Principles and Techniques}},
  month = {Autumn},
  year = {2016},
  note = {\url{http://web.stanford.edu/class/cs221/} accessed on 2017-03-22},
}

@misc{rigollet2015ocw,
    author = {Philippe Rigollet},
    title = {{18.657 Mathematics of Machine Learning}},
    year = {Fall 2015},
    note = {\url{https://ocw.mit.edu/courses/mathematics/18-657-mathematics-of-machine-learning-fall-2015/index.htm}},
}

@misc{wpvectorspace,
author = {Wikipedia},
title = {Vector space},
year = {2017},
note = {\url{https://en.wikipedia.org/w/index.php?title=Vector_space&oldid=771184960} accessed 2017-03-25},
}

@book{roman2005advanced,
title={Advanced linear algebra},
author={Roman, Steven},
edition={2nd},
year={2005},
publisher={Springer},
isbn={978-0-387-24766-3},
}
