@InProceedings{DBLP:conf/popl/CookHC90,
  author       = {William R. Cook and Walter L. Hill and Peter
                  S. Canning},
  title        = {Inheritance Is Not Subtyping},
  year         = 1990,
  booktitle    = {Conference Record of the Seventeenth Annual {ACM}
                  Symposium on Principles of Programming Languages,
                  San Francisco, California, USA, January 1990},
  pages        = {125-135},
  doi          = {10.1145/96709.96721},
  url          = {http://doi.acm.org/10.1145/96709.96721},
  crossref     = {DBLP:conf/popl/1990},
  timestamp    = {Mon, 21 May 2012 16:19:50 +0200},
  biburl       = {https://dblp.org/rec/bib/conf/popl/CookHC90},
  bibsource    = {dblp computer science bibliography,
                  https://dblp.org}
}

@proceedings{DBLP:conf/popl/1990,
  editor    = {Frances E. Allen},
  title     = {Conference Record of the Seventeenth Annual {ACM} Symposium on Principles
               of Programming Languages, San Francisco, California, USA, January
               1990},
  publisher = {{ACM} Press},
  year      = {1990},
  url       = {http://dl.acm.org/citation.cfm?id=96709},
  isbn      = {0-89791-343-4},
  timestamp = {Mon, 21 May 2012 16:19:49 +0200},
  biburl    = {https://dblp.org/rec/bib/conf/popl/1990},
  bibsource = {dblp computer science bibliography, https://dblp.org}
}

@inproceedings{cartwright2013inheritance,
  title={Inheritance Is subtyping},
  author={Cartwright, Robert and Moez, A AbdelGawad},
  booktitle={The 25th Nordic Workshop on Programming Theory (NWPT)},
  year={2013},
  organization={Citeseer}
}
