% https://verbosus.com/bibtex-style-examples.html
% https://en.wikibooks.org/wiki/LaTeX/Bibliography_Management#Citations

@book{
AstromMurrayFeedback
, author = {Karl Johan \r{A}str\"om and Richard M. Murray}
, title = {Feedback systems: an introduction for scientists and engineers}
, publisher = {Princeton University Press}
, year = {2008}
, isbn = {978-0-691-13576-2}
, note = {\url{http://www.cds.caltech.edu/~murray/books/AM08/pdf/am08-complete_28Sep12.pdf}}
}

@article{
GodelMachImpl
, author = {Bas R. Steunebrink and J\"urgen Schmidhuber}
, title = {{Towards an actual G\"odel machine implementation: a lesson in self-reflective systems}}
, note = {\url{http://people.idsia.ch/~juergen/selfreflection.pdf}}
}

@book{
DeepLearning
, title={Deep learning}
, author={Ian Goodfellow and Yoshua Bengio and Aaron Courville}
, publisher={MIT Press}
, note={\url{http://www.deeplearningbook.org}}
, year={2016}
}

@book{
ApproxThePrac
, title = {Approximation theory and approximation practice}
, author = {Lloyn N. Trefethen}
, note = {\url{https://people.maths.ox.ac.uk/trefethen/ATAP/ATAPfirst6chapters.pdf}}
}

@book{
Organ
, title = {The discipline of organizing}
, editor = {Robert J. Glushko}
, year = {2013}
, publisher = {MIT Press}
, edition = {1st}
, note = {\url{http://disciplineoforganizing.org/tdo-v-1-2013/}}
}

@book{
Topology
, title = {Topology without tears}
, author = {Sidney A. Morris}
, year = {2016}
, note = {\url{http://www.topologywithouttears.net/topbook.pdf}}
}

@book{
NonParam
, title = {Introduction to nonparametric statistics}
, author = {Alexandre B. Tsybakov}
, year = {2009}
, isbn = {978-0-387-79051-0}
, doi = {10.1007/978-0-387-79052-7}
, publisher={Springer Series in Statistics. Springer, New York}
}

@techreport{
DeepArch
, title = {{Learning deep architectures for AI}}
, author = {Yoshua Bengio}
, number = {1312}
, note = {\url{http://www.iro.umontreal.ca/~lisa/pointeurs/TR1312.pdf}}
}

@article{
RepLearn
, title = {Representation learning: a review and new perspectives}
, author = {Yoshua Bengio and Aaron Courville and Pascal Vincent}
, note = {\url{http://www.cl.uni-heidelberg.de/courses/ws14/deepl/BengioETAL12.pdf}}
}

@article{
Legg2007Collection,
title = {A collection of definitions of intelligence},
author = {Shane Legg and Marcus Hutter},
journal = {Frontiers in Artificial Intelligence and applications},
volume = {157},
pages = {17},
year = {2007},
publisher = {IOS Press},
address = {Amsterdam, The Netherlands, The Netherlands},
note = {\url{https://arxiv.org/abs/0706.3639v1}},
}

@article{
DefineMachIntel
, title = {Universal intelligence: a definition of machine intelligence}
, author = {Shane Legg and Marcus Hutter}
, year = {2007}
, note = {\url{https://arxiv.org/abs/0712.3329}}
}

@article{
WdsIntel
, title = {Mathematical definition of ``intelligence'' (and consequences)}
, author = {Warren D. Smith}
, year = {2006}
, note = {\url{http://rangevoting.org/WarrenSmithPages/homepage/iq.pdf}}
}

@article{
WdsIntelSlide
, title = {Mathematical definition of ``intelligence'', after mathematical definition of ``intelligence'' (and consequences)}
, author = {Warren D. Smith}
, year = {2006}
, note = {\url{http://www.ii.uni.wroc.pl/~lukstafi/pmwiki/uploads/AGI/math_def_AI.pdf}}
}


@article{
SystemManage,
author = {Cristina Mele and Jacqueline Pels and Francesco Polese},
title = {A Brief Review of Systems Theories and Their Managerial Applications},
journal = {Service Science},
volume = {2},
number = {1-2},
pages = {126-135},
year = {2010},
doi = {10.1287/serv.2.1\_2.126},
url = {http://dx.doi.org/10.1287/serv.2.1_2.126},
eprint = {http://dx.doi.org/10.1287/serv.2.1_2.126},
note = {\url{http://pubsonline.informs.org/doi/abs/10.1287/serv.2.1_2.126}},
}

@book{
IntroCyber,
title = {An introduction to cybernetics},
author = {William Ross Ashby},
publisher = {Chapman \& Hall},
address = {London},
year = {1956},
note = {\url{http://pespmc1.vub.ac.be/ASHBBOOK.html}},
}

% http://pespmc1.vub.ac.be/LIBRARY.html

@book{
AshbyBrain,
title = {Design for a brain},
author = {William Ross Ashby},
year = {1954},
publisher = {Wiley},
address = {New York},
note = {\url{https://archive.org/details/designforbrain00ashb}},
}

@book{
SuttonBartoRein,
title = {Reinforcement learning: an introduction},
author = {Richard S. Sutton and Andrew G. Barto},
year = {1998},
isbn = {0262193981},
edition = {1st},
publisher = {MIT Press},
address = {Cambridge, Massachusetts, USA},
note = {\url{https://webdocs.cs.ualberta.ca/~sutton/book/ebook/the-book.html}},
}

@article{
NilsLogicAi,
title = {Logic and artificial intelligence},
author = {Nils J. Nilsson},
year = {1991},
month = feb,
note = {\url{http://ai.stanford.edu/~nilsson/OnlinePubs-Nils/PublishedPapers/logicai.pdf}},
journal = {Artificial Intelligence},
issue_date = {January 1991},
volume = {47},
number = {1-3},
year = {1991},
issn = {0004-3702},
pages = {31--56},
numpages = {26},
url = {http://dx.doi.org/10.1016/0004-3702(91)90049-P},
doi = {10.1016/0004-3702(91)90049-P},
acmid = {110291},
publisher = {Elsevier Science Publishers Ltd.},
address = {Essex, UK},
}

@InCollection{
SepLogicAi,
title = {Logic and Artificial Intelligence},
author = {Richmond Thomason},
booktitle = {The Stanford Encyclopedia of Philosophy},
editor = {Edward N. Zalta},
howpublished = {\url{https://plato.stanford.edu/archives/win2016/entries/logic-ai/}},
note = {\url{https://plato.stanford.edu/archives/win2016/entries/logic-ai/}},
year = {2016},
edition = {Winter 2016},
publisher = {Metaphysics Research Lab, Stanford University},
}

@article{
BattleHom,
title = {Ashby's mobile homeostat},
author = {Steve Battle},
year = {2014},
note = {\url{https://www.researchgate.net/publication/272476023_Ashby's_Mobile_Homeostat}},
booktitle = {Artificial Life and Intelligent Agents Symposium},
pages = {110--123},
year = {2014},
organization = {Springer},
}

@inproceedings{
BattleThree,
title = {A mobile homeostat with three degrees of freedom},
author = {Steve Battle},
year = {2015},
booktitle = {IMA conference on mathematics of robotics},
month = {September},
address = {St Anne's College, University of Oxford, UK},
note = {\url{http://eprints.uwe.ac.uk/26687/}},
}

@book{
WienerCyber,
title={Cybernetics or control and communication in the animal and the machine},
author={Norbert Wiener},
edition={2nd},
year={1961},
publisher={MIT Press},
}

% Legg2006
@INPROCEEDINGS{
LeggHutterFormal,
author = {Shane Legg and Marcus Hutter},
title = {A formal measure of machine intelligence},
booktitle = {Proc. 15th Annual Machine Learning Conference of Belgium and The Netherlands (Benelearn 2006)},
year = {2006},
pages = {73--80},
note = {\url{https://arxiv.org/abs/cs/0605024v1}},
}

% http://raysolomonoff.com/publications/ray.bib

@inbook{
SolAlpProb2011,
author = {Raymond J. Solomonoff},
title = {Algorithmic probability -- its discovery -- its properties and application to strong {AI}},
booktitle = {Randomness through computation: some answers, more questions},
year = {2011},
pages = {1--23},
editor = {Hector Zenil},
publisher = {World Scientific Publishing Company},
note = {\url{http://raysolomonoff.com/publications/pubs.html}},
}

@article{
GacsVitanyiSolomonoff,
title={{Raymond J. Solomonoff 1926--2009}},
author={G{\'a}cs, Peter and Vit{\'a}nyi, Paul Michael B{\'e}la},
journal={IEEE Information Theory Society Newsletter},
volume={61},
number={1},
pages={11--16},
year={2011},
publisher={Citeseer},
note={\url{http://www.cs.bu.edu/~gacs/papers/Solomonoff_obituary.pdf}},
}

% Legg2008
@phdthesis{
LeggPhd,
title={Machine super intelligence},
author={Legg, Shane},
year={2008},
school={University of Lugano},
}

@book{PickeringCyber,
  title={The cybernetic brain: Sketches of another future},
  author={Pickering, Andrew},
  year={2010},
  publisher={University of Chicago Press},
}

@ARTICLE{GoertzelAgi,
AUTHOR = {Goertzel, Ben},
TITLE   = {Artificial general intelligence},
YEAR	= {2015},
JOURNAL	= {Scholarpedia},
VOLUME  = {10},
NUMBER  = {11},
PAGES   = {31847},
NOTE   = {\url{http://www.scholarpedia.org/article/Artificial_General_Intelligence}},
}

@ARTICLE{AlgoInfTh,
AUTHOR = {Hutter, M. },
TITLE   = {Algorithmic information theory},
YEAR	= 2007,
JOURNAL	= {Scholarpedia},
VOLUME  = 2,
NUMBER  = 3,
PAGES   = 2519,
NOTE   = {\url{http://www.scholarpedia.org/article/Algorithmic_information_theory}},
}

@book{SlomanTuringIrrelevance,
  title={The irrelevance of Turing machines to artificial intelligence},
  author={Sloman, Aaron},
  year={2002},
  publisher={The MIT Press, Cambridge, Mass},
  note = {\url{http://www.cs.bham.ac.uk/research/projects/cogaff/sloman.turing.irrelevant.pdf}},
}

@misc{openworm,
    title={OpenWorm},
    howpublished={\url{http://www.openworm.org/}},
    note={Accessed on 2017-03-05},
}

@article{SchmidhuberKolmogorov,
  title={Hierarchies of generalized Kolmogorov complexities and nonenumerable universal measures computable in the limit},
  author={Schmidhuber, J{\"u}rgen},
  journal={International Journal of Foundations of Computer Science},
  volume={13},
  number={04},
  pages={587--612},
  year={2002},
  publisher={World Scientific},
  note={\url{http://people.idsia.ch/~juergen/kolmogorov.html}},
}

@inproceedings{CircuitFitzHughNagumo,
  title={Circuit implementation of {FitzHugh-Nagumo} neuron model using field programmable analog arrays},
  author={Zhao, Jun and Kim, Yong-Bin},
  booktitle={50th Midwest Symposium on Circuits and Systems (MWSCAS)},
  pages={772--775},
  year={2007},
  organization={IEEE},
}

@article{friston2006free,
  title={A free energy principle for the brain},
  author={Friston, Karl and Kilner, James and Harrison, Lee},
  journal={Journal of Physiology-Paris},
  volume={100},
  number={1},
  pages={70--87},
  year={2006},
  publisher={Elsevier},
}

@article{friston2010free,
  title={The free-energy principle: a unified brain theory?},
  author={Friston, Karl},
  journal={Nature Reviews Neuroscience},
  volume={11},
  number={2},
  pages={127--138},
  year={2010},
  publisher={Nature Publishing Group},
}

@book{negnevitsky2005artificial,
  title={Artificial intelligence: a guide to intelligent systems},
  author={Negnevitsky, Michael},
  year={2005},
  publisher={Pearson Education},
}

@book{tarantola2005inverse,
  title={Inverse problem theory and methods for model parameter estimation},
  author={Tarantola, Albert},
  year={2005},
  publisher={SIAM},
}

@article{zhu2014high,
  title={A high-energy-density sugar biobattery based on a synthetic enzymatic pathway},
  author={Zhu, Zhiguang and Tam, Tsz Kin and Sun, Fangfang and You, Chun and Zhang, Y-H Percival},
  journal={Nature communications},
  volume={5},
  year={2014},
  publisher={Nature Publishing Group},
  note={\url{http://www.nature.com/articles/ncomms4026}},
}

@article{rabaey2003microbial,
  title={A microbial fuel cell capable of converting glucose to electricity at high rate and efficiency},
  author={Rabaey, Korneel and Lissens, Geert and Siciliano, Steven D and Verstraete, Willy},
  journal={Biotechnology letters},
  volume={25},
  number={18},
  pages={1531--1535},
  year={2003},
  publisher={Springer},
}


@ARTICLE{izhikevich2006fhn,
AUTHOR = {Izhikevich, E. M. and FitzHugh, R. },
TITLE   = {{F}itz{H}ugh-{N}agumo model},
YEAR	= 2006,
JOURNAL	= {Scholarpedia},
VOLUME  = 1,
NUMBER  = 9,
PAGES   = 1349,
NOTE   = {\url{http://scholarpedia.org/article/FitzHugh-Nagumo_model}},
}

@book{wasserman2013all,
  title={All of statistics: a concise course in statistical inference},
  author={Wasserman, Larry},
  year={2013},
  publisher={Springer Science \& Business Media}
}

@book{Wasserman2007Nonparam,
  title={All of nonparametric statistics},
  author={Wasserman, Larry},
  year={2007},
  publisher={Springer, New York}
}

@book{VaradhanProb,
  title={Probability theory},
  author={Varadhan, Srinivasa R. S.},
  year={2000},
  note={\url{https://www.math.nyu.edu/faculty/varadhan/course/} accessed on 2017-03-19},
}

@book{casella2002statistical,
  title={Statistical inference},
  author={Casella, George and Berger, Roger L.},
  edition={2nd},
  publisher={Duxbury Pacific Grove}
}

@book{zukav1979dancing,
  title={The dancing Wu Li masters: An overview of the new physics.},
  author={Zukav, Gary},
  year={1979},
  address={New York},
  publisher={William Morrow and Company},
}

@inproceedings{SpjContract,
author = {Peyton-Jones, Simon and Eber, Jean-Marc and Seward, Julian},
title = {Composing contracts: an adventure in financial engineering},
booktitle = {ACM SIGPLAN International Conference on Functional Programming (ICFP'00)},
year = {2000},
month = {September},
publisher = {ACM Press},
url = {https://www.microsoft.com/en-us/research/publication/composing-contracts-an-adventure-in-financial-engineering/},
pages = {280-292},
}

@inproceedings{izbicki2013hlearn,
  title={{HLearn: a machine learning library for Haskell}},
  author={Izbicki, Michael},
  booktitle={Proceedings of The Fourteenth Symposium on Trends in Functional Programming, Brigham Young University, Utah},
  year={2013},
  note={\url{https://github.com/mikeizbicki/HLearn}},
}

@article{
    Blum1967
    , author = "Manuel Blum"
    , title = "A Machine-Independent Theory of the Complexity of Recursive Functions"
    , journal = "Journal of the Association for Computing Machinery"
    , year = "1967"
    , month = "April"
    , volume = "14"
    , number = "2"
    , pages = "322 - 336"
}

@article{
    Rabin1977
    , author = "Michael O. Rabin"
    , title = "Complexity of Computations"
    , journal = "Communications of the ACM"
    , year = "1977"
    , month = "September"
    , volume = "20"
    , number = "9"
    , pages = "625 - 633"
}

@article{
    Chow1976
    , author = "Tsun S. Chow"
    , title = "Lower bounds on the complexity of 0-1-valued recursive functions"
    , journal = "Information and Control"
    , year = "1976"
    , month = "May"
    , volume = "31"
    , number = "1"
    , pages = "17 - 42"
    , issn = "0019-9958"
    , doi = "http://dx.doi.org/10.1016/S0019-9958(76)90378-8"
    , url = "http://www.sciencedirect.com/science/article/pii/S0019995876903788"
}

@article{
    Marek2009
    , author = "Victor W. Marek and Jeffrey B. Remmel"
    , title = "The complexity of recursive constraint satisfaction problems "
    , journal = "Annals of Pure and Applied Logic "
    , year = "2009"
    , month = "June"
    , volume = "161"
    , number = "3"
    , pages = "447 - 457"
    , issn = "0168-0072"
    , doi = "http://dx.doi.org/10.1016/j.apal.2009.07.005"
    , url = "http://www.sciencedirect.com/science/article/pii/S0168007209001523"
    , keywords = "Recursive constraint satisfaction problems"
    , keywords = "Recursive trees"
    , keywords = "Degrees of solutions "
}

@book{
    Arora2009
    , author = {Sanjeev Arora and Boaz Barak}
    , title = {Computational Complexity: A Modern Approach}
    , year = {2009}
    , isbn = {0521424267, 9780521424264}
    , edition = {1st}
    , publisher = {Cambridge University Press}
    , address = {New York, NY, USA}
}

@book{
    Rogers1987
    , author = {Hartley Rogers Jr.}
    , title = {Theory of Recursive Functions and Effective Computability}
    , year = {1987}
    , isbn = {0-262-68052-1}
    , publisher = {MIT Press}
    , address = {Cambridge, MA, USA}
}

@book{Boolos2002,
    author = "George S. Boolos and John P. Burgess and Richard C. Jeffrey"
    , title = "Computability and Logic"
    , edition = "4th"
    , publisher = "Cambridge University Press"
    , address = "New York"
    , year = "2002"
    , month = "March"
    , isbn = "978-0-521-80975-7"
}

@misc{LiangCs221,
  author = {Percy Liang},
  title = {{Lecture notes in Stanford University CS221: Artificial Intelligence: Principles and Techniques}},
  month = {Autumn},
  year = {2016},
  note = {\url{http://web.stanford.edu/class/cs221/} accessed on 2017-03-22},
}

@misc{rigollet2015ocw,
    author = {Philippe Rigollet},
    title = {{18.657 Mathematics of Machine Learning}},
    year = {Fall 2015},
    note = {\url{https://ocw.mit.edu/courses/mathematics/18-657-mathematics-of-machine-learning-fall-2015/index.htm}},
}

@misc{wpvectorspace,
author = {Wikipedia},
title = {Vector space},
year = {2017},
note = {\url{https://en.wikipedia.org/w/index.php?title=Vector_space&oldid=771184960} accessed 2017-03-25},
}

@book{roman2005advanced,
title={Advanced linear algebra},
author={Roman, Steven},
edition={2nd},
year={2005},
publisher={Springer},
isbn={978-0-387-24766-3},
}

@misc{wpfield,
author = {Wikipedia},
title = {Field (mathematics)},
year = {2017},
note = {\url{https://en.wikipedia.org/w/index.php?title=Field_(mathematics)&oldid=762449977} accessed 2017-03-25},
}

@misc{wptensor,
author = {Wikipedia},
title = {Tensor},
year = {2017},
note = {\url{https://en.wikipedia.org/w/index.php?title=Tensor&oldid=771876835} accessed on 2017-03-26},
}

@book{halliday2013fundamentals,
  title={Fundamentals of Physics Extended, 10th Edition},
  author={Halliday, D. and Resnick, R. and Walker, J.},
  isbn={9781118473818},
  url={https://books.google.co.id/books?id=DTccAAAAQBAJ},
  year={2013},
  publisher={Wiley}
}

@misc{lagrange1997analytical,
  title={Analytical Mechanics (Boston Studies in the Philosophy of Science), Vol. 191},
  author={Lagrange, J. L. and Borssonade, A. C. and Vagliente, V. N.},
  year={1997},
  publisher={Kluwer Academic Publishers Group, Dordrecht [Translated from the 1811 French original, with an introduction and edited by A., Boissonnade, and VN, Vagliente, and with a preface by CG, Fraser]}
}

@book{hassani2013mathematical,
  title={Mathematical physics: a modern introduction to its foundations},
  author={Hassani, Sadri},
  year={2013},
  publisher={Springer Science \& Business Media}
}

@book{varvoglis2014history,
  title={History and Evolution of Concepts in Physics},
  author={Varvoglis, Harry},
  year={2014},
  publisher={Springer Science \& Business Media}
}

@book{coriolis1829calcul,
  title={Du calcul de l'effet des machines, ou, Considerations sur l'emploi des moteurs et sur leur {\'e}valuation: pour servir d'introduction a l'{\'e}tude sp{\'e}ciale des machines},
  author={Coriolis, Gaspard},
  year={1829},
  publisher={Carilian-Goeury}
}

@book{dirac1978principles,
   title =     {The Principles of Quantum Mechanics},
   author =    {P. A. M. Dirac},
   publisher = {Oxford University Press},
   isbn =      {9780198512080,0198512082},
   year =      {1978},
   series =    {International series of monographs on physics},
   edition =   {4th Revised},
}

@article{panza2003origins,
  title={The origins of analytic mechanics in the 18th century},
  author={Panza, Marco},
  journal={A history of analysis},
  volume={24},
  year={2003},
  publisher={American Mathematical Society},
}

@book{kusse2010mathematical,
  title={Mathematical physics: applied mathematics for scientists and engineers},
  author={Kusse, Bruce R and Westwig, Erik A},
  year={2010},
  publisher={John Wiley \& Sons}
}

@article{heisenberg1925quantum,
  title={{Quantum-theoretical re-interpretation of kinematic and mechanical relations ({\"U}ber quantentheoretische Umdeutung kinematischer und mechanischer Beziehungen)}},
  author={Heisenberg, Werner},
  journal={Zeitschrift f{\"u}r Physik},
  volume={33},
  pages={879--893},
  year={1925}
}

@article{franck1967zusammenstosse,
  title={{\"U}ber Zusammenst{\"o}{\ss}e zwischen Elektronen und den Molek{\"u}len des Quecksilberdampfes und die Ionisierungsspannung desselben},
  author={Franck, James and Hertz, Gustav},
  journal={Physikalische Bl{\"a}tter},
  volume={23},
  number={7},
  pages={294--301},
  year={1967},
  publisher={Wiley Online Library}
}

@article{wenning2009scientific,
  title={Scientific epistemology: How scientists know what they know},
  author={Wenning, Carl J},
  journal={Journal of Physics Teacher Education Online},
  volume={5},
  number={2},
  pages={3--16},
  year={2009},
  note={\url{http://www2.phy.ilstu.edu/pte/publications/scientific_epistemology.pdf} (2017-11-19)},
}

@book{schutz2009first,
  title={A first course in general relativity},
  author={Schutz, Bernard},
  year={2009},
  publisher={Cambridge university press},
  edition={2nd},
}

@book{scott2015student,
  title={A Student's Manual for A First Course in General Relativity},
  author={Scott, Robert B.},
  year={2015},
  publisher={Cambridge University Press}
}

% http://rasmussen.libanswers.com/faq/177648
@book{openstaxphysics3,
    author={OpenStax University Physics},
    title={University Physics Volume 3},
    publisher={OpenStax CNX},
    note={Sep 29, 2017: \url{http://cnx.org/contents/af275420-6050-4707-995c-57b9cc13c358@5.1}},
}

@article{pal2003nothing,
  title={Nothing but relativity},
  author={Pal, Palash B},
  journal={European journal of physics},
  volume={24},
  number={3},
  pages={315},
  year={2003},
  publisher={IOP Publishing},
  note={\url{https://arxiv.org/pdf/physics/0302045.pdf}},
}

@article{gannett2007nothing,
  title={Nothing but relativity, redux},
  author={Gannett, Joel W},
  journal={European Journal of Physics},
  volume={28},
  number={6},
  pages={1145},
  year={2007},
  publisher={IOP Publishing},
  note={\url{https://arxiv.org/pdf/1005.2062.pdf}},
}

@book{okun2012abc,
  title={ABC of Physics: A Very Brief Guide},
  author={Okun, Lev},
  year={2012},
  publisher={World Scientific}
}

@book{susskind2014theoretical,
  title={The theoretical minimum: what you need to know to start doing physics},
  author={Susskind, Leonard and Hrabovsky, George},
  year={2014},
  publisher={Basic Books}
}

@book{susskind2014quantum,
  title={Quantum mechanics: The theoretical minimum},
  author={Susskind, Leonard and Friedman, Art},
  year={2014},
  publisher={Basic Books}
}

@book{harms2000principles,
  title={Principles of fusion energy: an introduction to fusion energy for students of science and engineering},
  author={Harms, Archie A and Schoepf, Klaus F and Miley, George Hunter and Kingdon, David Ross},
  year={2000},
  publisher={World Scientific}
}

@book{manousakis2016practical,
  title={Practical quantum mechanics: modern tools and applications},
  author={Manousakis, Efstratios},
  year={2016},
  publisher={Oxford University Press}
}

@article{dyson1972missed,
  title={Missed opportunities},
  author={Dyson, Freeman J and others},
  journal={Bulletin of the American Mathematical Society},
  volume={78},
  number={5},
  pages={635--652},
  year={1972},
  publisher={American Mathematical Society},
  note={\url{https://projecteuclid.org/download/pdf_1/euclid.bams/1183533964}}
}

@book{arnold1989mathematical,
  title={Mathematical methods of classical mechanics},
  author={Arnold, Vladimir Igorevich},
  year={1989},
  edition={second},
  publisher={Springer-Verlag},
  note={Translated by K. Vogtmann and A. Weinstein},
}

@article{gopen1990science,
  title={The science of scientific writing},
  author={Gopen, George D and Swan, Judith A},
  journal={American Scientist},
  volume={78},
  number={6},
  pages={550--558},
  year={1990},
  publisher={JSTOR},
  note={\url{http://www.or.org/files/Gropen,\%20Science\%20Writing.pdf}}
}

@InProceedings{DBLP:conf/popl/CookHC90,
  author       = {William R. Cook and Walter L. Hill and Peter
                  S. Canning},
  title        = {Inheritance Is Not Subtyping},
  year         = 1990,
  booktitle    = {Conference Record of the Seventeenth Annual {ACM}
                  Symposium on Principles of Programming Languages,
                  San Francisco, California, USA, January 1990},
  pages        = {125-135},
  doi          = {10.1145/96709.96721},
  url          = {http://doi.acm.org/10.1145/96709.96721},
  crossref     = {DBLP:conf/popl/1990},
  timestamp    = {Mon, 21 May 2012 16:19:50 +0200},
  biburl       = {https://dblp.org/rec/bib/conf/popl/CookHC90},
  bibsource    = {dblp computer science bibliography,
                  https://dblp.org}
}

@proceedings{DBLP:conf/popl/1990,
  editor    = {Frances E. Allen},
  title     = {Conference Record of the Seventeenth Annual {ACM} Symposium on Principles
               of Programming Languages, San Francisco, California, USA, January
               1990},
  publisher = {{ACM} Press},
  year      = {1990},
  url       = {http://dl.acm.org/citation.cfm?id=96709},
  isbn      = {0-89791-343-4},
  timestamp = {Mon, 21 May 2012 16:19:49 +0200},
  biburl    = {https://dblp.org/rec/bib/conf/popl/1990},
  bibsource = {dblp computer science bibliography, https://dblp.org}
}

@inproceedings{cartwright2013inheritance,
  title={Inheritance Is subtyping},
  author={Cartwright, Robert and Moez, A AbdelGawad},
  booktitle={The 25th Nordic Workshop on Programming Theory (NWPT)},
  year={2013},
  organization={Citeseer}
}

@book{hutter2004universal,
  title={Universal artificial intelligence: Sequential decisions based on algorithmic probability},
  author={Hutter, Marcus},
  year={2004},
  publisher={Springer Science \& Business Media}
}

@inproceedings{xu2009optimal,
  title={Optimal reverse prediction: a unified perspective on supervised, unsupervised and semi-supervised learning},
  author={Xu, Linli and White, Martha and Schuurmans, Dale},
  booktitle={Proceedings of the 26th Annual International Conference on Machine Learning},
  pages={1137--1144},
  year={2009},
  organization={ACM},
  url={http://people.ee.duke.edu/~lcarin/OptReversePred.pdf}
}

@inproceedings{white2012generalized,
  title={Generalized optimal reverse prediction},
  author={White, Martha and Schuurmans, Dale},
  booktitle={Artificial Intelligence and Statistics},
  pages={1305--1313},
  year={2012},
  url={http://proceedings.mlr.press/v22/white12/white12.pdf}
}

@techreport{nalbantov2006nearest,
  title={Nearest convex hull classification},
  author={Nalbantov, Georgi and Groenen, Patrick and Bioch, Cor},
  year={2006},
  url={https://pdfs.semanticscholar.org/a833/81e279fa548aca034f310fff6385c3d6b809.pdf}
}

@InCollection{sep-artificial-intelligence,
	author       =	{Bringsjord, Selmer and Govindarajulu, Naveen Sundar},
	title        =	{Artificial Intelligence},
	booktitle    =	{The Stanford Encyclopedia of Philosophy},
	editor       =	{Edward N. Zalta},
	howpublished =	{\url{https://plato.stanford.edu/archives/fall2018/entries/artificial-intelligence/}},
	year         =	{2018},
	edition      =	{Fall 2018},
	publisher    =	{Metaphysics Research Lab, Stanford University}
}

@article{solomonoff1996does,
  title={Does algorithmic probability solve the problem of induction},
  author={Solomonoff, Ray},
  journal={Oxbridge Research, POB},
  volume={391887},
  year={1996},
  publisher={Citeseer},
  url={http://citeseerx.ist.psu.edu/viewdoc/download?doi=10.1.1.70.1572&rep=rep1&type=pdf}
}

@article{cybenko1989approximation,
  title={Approximation by superpositions of a sigmoidal function},
  author={Cybenko, George},
  journal={Mathematics of control, signals and systems},
  volume={2},
  number={4},
  pages={303--314},
  year={1989},
  publisher={Springer},
  url={http://citeseerx.ist.psu.edu/viewdoc/download?doi=10.1.1.441.7873&rep=rep1&type=pdf}
}
@article{rudin1973functional,
  title={Functional Analysis, McGraw-Hill Series in Higher Mathematics},
  author={Rudin, W},
  year={1973},
  publisher={McGraw-Hill New York, NY, USA}
}
@book{khavinson1997best,
  title={Best approximation by linear superpositions (approximate nomography)},
  author={Khavinson, S. Ya.},
  volume={159},
  year={1997},
  publisher={American Mathematical Soc.}
}
@book{cucker2007learning,
  title={Learning theory: an approximation theory viewpoint},
  author={Cucker, Felipe and Zhou, Ding Xuan},
  volume={24},
  year={2007},
  publisher={Cambridge University Press}
}
@article{domingos2012few,
  title={A few useful things to know about machine learning},
  author={Domingos, Pedro},
  journal={Communications of the ACM},
  volume={55},
  number={10},
  pages={78--87},
  year={2012},
  publisher={ACM},
  url={https://www.centurion.link/w/_media/programming/a_few_useful_things_to_know_about_machine_learning.pdf}
}
@article{dietterich2015computational,
  title={Computational Learning Theory},
  author={Dietterich, Tom and Domingos, Pedro and Mitchell, Tom and Page, David and Shavlik, Jude},
  year={2015}
}
@book{russell2016artificial,
  title={Artificial intelligence: a modern approach},
  author={Russell, Stuart J and Norvig, Peter},
  year={2016},
  publisher={Malaysia; Pearson Education Limited,}
}
@article{jordan2015machine,
  title={Machine learning: Trends, perspectives, and prospects},
  author={Jordan, Michael I and Mitchell, Tom M},
  journal={Science},
  volume={349},
  number={6245},
  pages={255--260},
  year={2015},
  publisher={American Association for the Advancement of Science},
  url={http://www.cs.cmu.edu/~tom/pubs/Science-ML-2015.pdf}
}
@book{domingos2015master,
  title={The master algorithm: How the quest for the ultimate learning machine will remake our world},
  author={Domingos, Pedro},
  year={2015},
  publisher={Basic Books}
}
@book{kearns1994introduction,
  title={An introduction to computational learning theory},
  author={Kearns, Michael J and Vazirani, Umesh Virkumar},
  year={1994},
  publisher={MIT press}
}
@article{valiant1984theory,
  title={A theory of the learnable},
  author={Valiant, Leslie G},
  journal={Communications of the ACM},
  volume={27},
  number={11},
  pages={1134--1142},
  year={1984},
  publisher={ACM},
  url={http://web.mit.edu/6.435/www/Valiant84.pdf}
}
@book{mohri2018foundations,
  title={Foundations of machine learning},
  author={Mohri, Mehryar and Rostamizadeh, Afshin and Talwalkar, Ameet},
  year={2018},
  publisher={MIT press}
}
@inproceedings{biran2017explanation,
  title={Explanation and justification in machine learning: A survey},
  author={Biran, Or and Cotton, Courtenay},
  booktitle={IJCAI-17 Workshop on Explainable AI (XAI)},
  pages={8},
  year={2017},
  url={https://pdfs.semanticscholar.org/02e2/e79a77d8aabc1af1900ac80ceebac20abde4.pdf}
}
@inproceedings{geffner2018model,
  title     = {Model-free, Model-based, and General Intelligence},
  author    = {Hector Geffner},
  booktitle = {Proceedings of the Twenty-Seventh International Joint Conference on
               Artificial Intelligence, {IJCAI-18}},
  publisher = {International Joint Conferences on Artificial Intelligence Organization},
  pages     = {10--17},
  year      = {2018},
  month     = {7},
  doi       = {10.24963/ijcai.2018/2},
  url       = {https://doi.org/10.24963/ijcai.2018/2},
}
@InCollection{sep-epistemology,
	author       =	{Steup, Matthias},
	title        =	{Epistemology},
	booktitle    =	{The Stanford Encyclopedia of Philosophy},
	editor       =	{Edward N. Zalta},
	howpublished =	{\url{https://plato.stanford.edu/archives/win2018/entries/epistemology/}},
	year         =	{2018},
	edition      =	{Winter 2018},
	publisher    =	{Metaphysics Research Lab, Stanford University}
}
@article{boring1923intelligence,
  title={Intelligence as the tests test it},
  author={Boring, Edwin G},
  journal={New Republic},
  pages={35--37},
  year={1923},
  url={https://brocku.ca/MeadProject/sup/Boring_1923.html}
}
@article{shour2018defining,
  title={Defining intelligence},
  author={Shour, Robert},
  year={2018},
  url={https://www.researchgate.net/publication/323203054_Defining_intelligence}
}
@article{wissner2013causal,
  title={Causal entropic forces},
  author={Wissner-Gross, Alexander D and Freer, Cameron E},
  journal={Physical review letters},
  volume={110},
  number={16},
  pages={168702},
  year={2013},
  publisher={APS},
  url={https://www.alexwg.org/publications/PhysRevLett_110-168702.pdf}
}
@inproceedings{vittek1996compiler,
  title={A compiler for nondeterministic term rewriting systems},
  author={Vittek, Marian},
  booktitle={International Conference on Rewriting Techniques and Applications},
  pages={154--168},
  year={1996},
  organization={Springer}
}
@article{cohen1987parsing,
  title={Parsing and compiling using prolog},
  author={Cohen, Jacques and Hickey, Timothy J},
  journal={ACM Transactions on Programming Languages and Systems (TOPLAS)},
  volume={9},
  number={2},
  pages={125--163},
  year={1987},
  publisher={ACM},
  url={http://citeseerx.ist.psu.edu/viewdoc/download?doi=10.1.1.101.9739&rep=rep1&type=pdf}
}
@book{kutzner1998non,
  title={A non-deterministic call-by-need lambda calculus},
  author={Kutzner, Arne and Schmidt-Schau{\ss}, Manfred},
  volume={34},
  number={1},
  year={1998},
  publisher={ACM},
  url={http://citeseerx.ist.psu.edu/viewdoc/download?doi=10.1.1.590.8440&rep=rep1&type=pdf}
}
@inproceedings{fischer2009purely,
  title={Purely functional lazy non-deterministic programming},
  author={Fischer, Sebastian and Kiselyov, Oleg and Shan, Chung-chieh},
  booktitle={ACM Sigplan Notices},
  volume={44},
  number={9},
  pages={11--22},
  year={2009},
  organization={ACM},
  url={http://users.eecs.northwestern.edu/~clk800/rand-test-study/_pflnp/pflnp-2009-10-8-12-02-00.pdf}
}
@inproceedings{beeson2004lambda,
  title={Lambda logic},
  author={Beeson, Michael},
  booktitle={International Joint Conference on Automated Reasoning},
  pages={460--474},
  year={2004},
  organization={Springer},
  url={https://pdfs.semanticscholar.org/9721/c012782ef25023ac300e33d6ce34ffed7e18.pdf}
}
@article{kfoury1999beta,
  title={Beta-reduction as unification},
  author={Kfoury, Assaf},
  journal={Banach Center Publications},
  volume={46},
  number={1},
  pages={137--158},
  year={1999},
  url={http://matwbn.icm.edu.pl/ksiazki/bcp/bcp46/bcp4617.pdf}
}
@inproceedings{shotton2010cito,
  title={CiTO, the citation typing ontology},
  author={Shotton, David},
  booktitle={Journal of biomedical semantics},
  volume={1},
  number={1},
  pages={S6},
  year={2010},
  organization={BioMed Central},
  url={https://jbiomedsem.biomedcentral.com/articles/10.1186/2041-1480-1-S1-S6}
}
@article{liu2013interestingness,
  title={Interestingness and the essence of citation},
  author={Liu, Yuxian and Rousseau, Ronald},
  journal={Journal of Documentation},
  volume={69},
  number={4},
  pages={580--589},
  year={2013},
  publisher={Emerald Group Publishing Limited},
  url={https://www.researchgate.net/publication/263682305_Interestingness_and_the_essence_of_citation}
}
@article{erikson2014taxonomy,
  title={A taxonomy of motives to cite},
  author={Erikson, Martin G and Erlandson, Peter},
  journal={Social Studies of Science},
  volume={44},
  number={4},
  pages={625--637},
  year={2014},
  publisher={Sage Publications Sage UK: London, England},
  url={http://citeseerx.ist.psu.edu/viewdoc/download?doi=10.1.1.859.95&rep=rep1&type=pdf}
}
@inproceedings{Giles1998CiteSeerAA,
  title={CiteSeer: An Automatic Citation Indexing System},
  author={C. Lee Giles and Kurt D. Bollacker and Steve Lawrence},
  booktitle={ACM DL},
  year={1998},
  url={https://clgiles.ist.psu.edu/papers/DL-1998-citeseer.pdf}
}
@InCollection{sep-computational-complexity,
	author       =	{Dean, Walter},
	title        =	{Computational Complexity Theory},
	booktitle    =	{The Stanford Encyclopedia of Philosophy},
	editor       =	{Edward N. Zalta},
	howpublished =	{\url{https://plato.stanford.edu/archives/win2016/entries/computational-complexity/}},
	year         =	{2016},
	edition      =	{Winter 2016},
	publisher    =	{Metaphysics Research Lab, Stanford University},
    url={https://plato.stanford.edu/archives/win2016/entries/computational-complexity/}
}
@InCollection{sep-model-theory,
	author       =	{Hodges, Wilfrid},
	title        =	{Model Theory},
	booktitle    =	{The Stanford Encyclopedia of Philosophy},
	editor       =	{Edward N. Zalta},
	howpublished =	{\url{https://plato.stanford.edu/archives/fall2018/entries/model-theory/}},
	year         =	{2018},
	edition      =	{Fall 2018},
	publisher    =	{Metaphysics Research Lab, Stanford University},
    url={https://plato.stanford.edu/archives/fall2018/entries/model-theory/}
}
@inproceedings{hromkovic2017one,
  title={What One Has to Know when Attacking P vs. NP},
  author={Hromkovic, Juraj and Rossmanith, Peter},
  booktitle={FCT 2017},
  year={2017}
}
@InCollection{sep-computation-physicalsystems,
	author       =	{Piccinini, Gualtiero},
	title        =	{Computation in Physical Systems},
	booktitle    =	{The Stanford Encyclopedia of Philosophy},
	editor       =	{Edward N. Zalta},
	howpublished =	{\url{https://plato.stanford.edu/archives/sum2017/entries/computation-physicalsystems/}},
	year         =	{2017},
	edition      =	{Summer 2017},
	publisher    =	{Metaphysics Research Lab, Stanford University},
	url =	{https://plato.stanford.edu/archives/sum2017/entries/computation-physicalsystems/}
}
